<record><leader>00000cas a22000007a 4500</leader><controlfield tag="001">23348600</controlfield><controlfield tag="008">910328u1931uuuumnusn ne      0    0eng d</controlfield><datafield ind1=" " ind2=" " tag="010"><subfield code="a">sn 91059070 </subfield></datafield><datafield ind1=" " ind2=" " tag="040"><subfield code="a">MN#</subfield><subfield code="b">eng</subfield><subfield code="c">MN#</subfield><subfield code="d">OCLCQ</subfield><subfield code="d">OCLCO</subfield></datafield><datafield ind1=" " ind2=" " tag="042"><subfield code="a">msc</subfield></datafield><datafield ind1=" " ind2=" " tag="043"><subfield code="a">n-us-mn</subfield></datafield><datafield ind1=" " ind2=" " tag="052"><subfield code="a">4144</subfield><subfield code="b">A5</subfield></datafield><datafield ind1=" " ind2=" " tag="052"><subfield code="a">4143</subfield><subfield code="b">D6</subfield></datafield><datafield ind1="0" ind2="0" tag="245"><subfield code="a">Alex High times.</subfield></datafield><datafield ind1=" " ind2=" " tag="260"><subfield code="a">Alexandria, Minn. :</subfield><subfield code="b">Alexandria High School,</subfield><subfield code="c">1931-</subfield></datafield><datafield ind1=" " ind2=" " tag="300"><subfield code="a">v.</subfield></datafield><datafield ind1=" " ind2=" " tag="310"><subfield code="a">Semimonthly (during school year)</subfield></datafield><datafield ind1="0" ind2=" " tag="362"><subfield code="a">Vol. 8, no. 9 (Jan. 30, 1931)-</subfield></datafield><datafield ind1="2" ind2="0" tag="610"><subfield code="a">Alexandria High School (Alexandria, Minn.)</subfield><subfield code="v">Periodicals.</subfield></datafield><datafield ind1=" " ind2="0" tag="650"><subfield code="a">High schools</subfield><subfield code="z">Minnesota</subfield><subfield code="z">Alexandria</subfield><subfield code="v">Periodicals.</subfield></datafield><datafield ind1=" " ind2="0" tag="650"><subfield code="a">Schools</subfield><subfield code="z">Minnesota</subfield><subfield code="z">Alexandria</subfield><subfield code="v">Periodicals.</subfield></datafield><datafield ind1="2" ind2=" " tag="710"><subfield code="a">Alexandria High School (Alexandria, Minn.)</subfield></datafield><datafield ind1="0" ind2="0" tag="780"><subfield code="t">Al-Hi-nuz</subfield><subfield code="w">(DLC)sn 91059069</subfield></datafield></record>